@article{dure:83,
   author    = {Duff, Iain S. and Reid, John K.},
   title     = {The multifrontal solution of indefinite sparse
       symmetric linear systems},
   journal   = TOMS,
   year      = {1983},
   volume    = {9},
   pages     = {302-325}
}

@inproceedings{adkl:00,
    author ={Amestoy, Patrick R. and Duff, Iain S. and J. Koster and L'Excellent, Jean-Yves},
TITLE     = {{\tt MUMPS}: a general purpose distributed memory sparse solver},
BOOKTITLE = {Proceedings of PARA2000, the Fifth International Workshop on
             Applied Parallel Computing, Bergen, June 18-21},
EDITOR    = {A. H. Gebremedhin and F. Manne and R. Moe and T. S{\o}revik},
NOTE      = {Lecture Notes in Computer Science 1947},
PUBLISHER = {Springer-Verlag},
YEAR      = {2000},
PAGES     = {122-131},
}

@article{davis:04,
   author = {T. A. Davis},
   title = {Algorithm 832: {UMFPACK V4.3} --- an unsymmetric-pattern multifrontal method},
   journal = TOMS,
   volume = {30},
   number = {2},
   year = {2004},
   pages = {196--199},
   publisher = {ACM Press},
   address = {New York, NY, USA},
}

@article{liu:90,
   author    = {J. W. H. Liu},
   title     = {The Role of Elimination Trees in Sparse Factorization},
   journal   = {SIMAX},
   year      = {1990},
   volume    = {11},
   pages     = {134--172},
   kwds      = {sparse, multfr}
}

@book{bjor:96,
   author    = {{\AA}. Bj{\"o}rck},
   title     = {Numerical methods for Least Squares Problems}, 
   year      = {1996},
   publisher = {SIAM},
   address   = {Philadelphia},
   kwds      = {sparse, survey}
}

@misc{butt:11,
  author = 	 {A.~Buttari},
  title = 	 {Fine-grained multithreading for the multifrontal {QR} factorization of sparse matrices},
  year = 	 {2011},
  note = 	 {Submitted to SIAM SISC and APO technical report number RT-APO-11-6 \href{http://buttari.perso.enseeiht.fr/stuff/RT-APO-11-6.pdf}{[PDF]}}
}


@article{Davis:2011:A9S:2049662.2049670,
 author = {Davis, Timothy A.},
 title = {Algorithm 915, SuiteSparseQR: Multifrontal multithreaded rank-revealing sparse QR factorization},
 journal = {ACM Trans. Math. Softw.},
 issue_date = {November 2011},
 volume = {38},
 issue = {1},
 month = dec,
 year = {2011},
 issn = {0098-3500},
 pages = {8:1--8:22},
 articleno = {8},
 numpages = {22},
 url = {http://doi.acm.org/10.1145/2049662.2049670},
 doi = {http://doi.acm.org/10.1145/2049662.2049670},
 acmid = {2049670},
 publisher = {ACM},
 address = {New York, NY, USA},
 keywords = {QR factorization, least-square problems, sparse matrices},
} 


@phdthesis{pugl:93,
   author    = {Puglisi, Chiara},
   title     = {{QR} Factorization of large sparse overdetermined and 
square matrices using a multifrontal method in a multiprocessor environment},
   school    = {Institut National Polytechnique de Toulouse},
   year      = {1993},
   type      = {PhD Thesis},
   note      = {Available as CERFACS report TH/PA/93/33},
   kwds      = {wlsq, house}
}

@article{Davis:2004:CAM:1024074.1024079,
 author = {Davis, Timothy A. and Gilbert, John R. and Larimore, Stefan I. and Ng, Esmond G.},
 title = {A column approximate minimum degree ordering algorithm},
 journal = {ACM Trans. Math. Softw.},
 issue_date = {September 2004},
 volume = {30},
 issue = {3},
 month = {September},
 year = {2004},
 issn = {0098-3500},
 pages = {353--376},
 numpages = {24},
 url = {http://doi.acm.org/10.1145/1024074.1024079},
 doi = {http://doi.acm.org/10.1145/1024074.1024079},
 acmid = {1024079},
 publisher = {ACM},
 address = {New York, NY, USA},
 keywords = {Sparse nonsymmetric matrices, linear equations, ordering methods},
} 

@techreport{pelle:07,
  author = {F. Pellegrini},
  title         = "{\sc Scotch 5.0} \mbox{U}ser's guide",
  type          = "{T}echnical {R}eport",
  institution   = "{LaBRI}, {U}niversit\'e {B}ordeaux~{I}",
  month         = aug,
  year          = "2007",
}

@article{Karypis:1998:FHQ:305219.305248,
 author = {Karypis, George and Kumar, Vipin},
 title = {A Fast and High Quality Multilevel Scheme for Partitioning Irregular Graphs},
 journal = {SIAM J. Sci. Comput.},
 volume = {20},
 issue = {1},
 month = {December},
 year = {1998},
 issn = {1064-8275},
 pages = {359--392},
 numpages = {34},
 url = {http://dx.doi.org/10.1137/S1064827595287997},
 doi = {http://dx.doi.org/10.1137/S1064827595287997},
 acmid = {305248},
 publisher = {Society for Industrial and Applied Mathematics},
 address = {Philadelphia, PA, USA},
 keywords = {fill-reducing orderings, finite element computations, graph partitioning, parallel computations},
} 
